<?xml version='1.0' encoding='UTF-8'?>
<record xmlns="http://www.loc.gov/MARC21/slim">
  <leader>01145cam a22003135  4500</leader>
  <controlfield tag="001">2836352</controlfield>
  <controlfield tag="003">NjP</controlfield>
  <controlfield tag="005">20171019170546.0</controlfield>
  <controlfield tag="008">991209s1956    sy            000 0 ara d</controlfield>
  <datafield tag="024" ind1="7" ind2=" ">
    <subfield code="a">princeton_aco002005</subfield>
    <subfield code="2">local</subfield>
  </datafield>
  <datafield ind1=" " ind2=" " tag="035">
    <subfield code="a">(OCoLC)ocn178150901</subfield>
  </datafield>
  <datafield ind1=" " ind2=" " tag="035">
    <subfield code="a">(OCoLC)ocm42959529</subfield>
  </datafield>
  <datafield ind1=" " ind2=" " tag="040">
    <subfield code="a">PUL</subfield>
    <subfield code="c">PUL</subfield>
    <subfield code="d">PUL</subfield>
  </datafield>
  <datafield ind1=" " ind2=" " tag="035">
    <subfield code="a">(OCoLC)178150901</subfield>
  </datafield>
  <datafield ind1=" " ind2=" " tag="035">
    <subfield code="9">CNR9039TS</subfield>
  </datafield>
  <datafield ind1=" " ind2=" " tag="035">
    <subfield code="a">(NjP)2836352</subfield>
  </datafield>
  <datafield ind1=" " ind2=" " tag="079">
    <subfield code="a">ocm42959529</subfield>
  </datafield>
  <datafield ind1=" " ind2=" " tag="049">
    <subfield code="a">PULL</subfield>
  </datafield>
  <datafield ind1="1" ind2=" " tag="110">
    <subfield code="a">Syria.</subfield>
    <subfield code="k">Treaties, etc.</subfield>
    <subfield code="0">http://id.loc.gov/authorities/names/n80061798</subfield>
  </datafield>
  <datafield ind1="0" ind2="3" tag="245">
    <subfield code="6">880-01</subfield>
    <subfield code="a">al-Ittifāqāt al-tijārīyah al-Sūrīyah al-ʻArabīyah al-ajnabīyah, 1951-1956.</subfield>
  </datafield>
  <datafield ind1=" " ind2=" " tag="260">
    <subfield code="6">880-02</subfield>
    <subfield code="a">[Aleppo]</subfield>
    <subfield code="b">Ghurfat Tijārat Ḥalab,</subfield>
    <subfield code="c">1956.</subfield>
  </datafield>
  <datafield ind1=" " ind2=" " tag="300">
    <subfield code="a">284 p.</subfield>
    <subfield code="c">25 cm.</subfield>
  </datafield>
  <datafield ind1=" " ind2=" " tag="546">
    <subfield code="a">In Arabic.</subfield>
  </datafield>
  <datafield ind1=" " ind2="0" tag="651">
    <subfield code="a">Syria</subfield>
    <subfield code="v">Commercial treaties.</subfield>
  </datafield>
  <datafield ind1="1" ind2=" " tag="710">
    <subfield code="6">880-03</subfield>
    <subfield code="a">Aleppo (Syria).</subfield>
    <subfield code="b">Ghurfat Tijarat Ḥalab.</subfield>
  </datafield>
  <datafield ind1="0" ind2="2" tag="880">
    <subfield code="6">245-01/r</subfield>
    <subfield code="a">الاتفاقات التجارية السورية العربية الاجنبية، 1951-1956.</subfield>
  </datafield>
  <datafield ind1=" " ind2=" " tag="880">
    <subfield code="6">260-02/r</subfield>
    <subfield code="a">[Aleppo]</subfield>
    <subfield code="b">غرفة تجارة حلب،</subfield>
    <subfield code="c">1956.</subfield>
  </datafield>
  <datafield ind1="1" ind2=" " tag="880">
    <subfield code="6">710-03/r</subfield>
    <subfield code="a">Aleppo (سورية).</subfield>
    <subfield code="b">غرفة تجرة حلب.</subfield>
  </datafield>
  <datafield ind1=" " ind2=" " tag="911">
    <subfield code="a">20000220</subfield>
  </datafield>
  <datafield ind1=" " ind2=" " tag="994">
    <subfield code="a">C0</subfield>
    <subfield code="b">PUL</subfield>
  </datafield>
  <datafield ind1=" " ind2=" " tag="999">
    <subfield code="a">2836352</subfield>
  </datafield>
  <datafield ind1="0" ind2="0" tag="852">
    <subfield code="0">3148843</subfield>
    <subfield code="b">nec</subfield>
    <subfield code="t">1</subfield>
    <subfield code="h">HF1583.7</subfield>
    <subfield code="i">.S975 1956</subfield>
  </datafield>
  <datafield ind1=" " ind2=" " tag="959">
    <subfield code="a">2009-07-02 12:36:06 -0400</subfield>
  </datafield>
</record>
